<record><leader>00000cas a22000007a 4500</leader><controlfield tag="001">12330917</controlfield><controlfield tag="008">850731d18271827meuwr ne      0    0eng d</controlfield><datafield ind1=" " ind2=" " tag="010"><subfield code="a">sn 85041080 </subfield></datafield><datafield ind1=" " ind2=" " tag="040"><subfield code="a">NPV</subfield><subfield code="b">eng</subfield><subfield code="c">NPV</subfield><subfield code="d">MBN</subfield><subfield code="d">OCLCQ</subfield><subfield code="d">OCLCF</subfield><subfield code="d">OCLCO</subfield></datafield><datafield ind1=" " ind2=" " tag="042"><subfield code="a">msc</subfield></datafield><datafield ind1=" " ind2=" " tag="043"><subfield code="a">n-us-me</subfield></datafield><datafield ind1="0" ind2="0" tag="245"><subfield code="a">Eastern Republican and Penobscot gazette.</subfield></datafield><datafield ind1="1" ind2="3" tag="246"><subfield code="a">Penobscot gazette</subfield></datafield><datafield ind1=" " ind2=" " tag="260"><subfield code="a">Bangor [Me.] :</subfield><subfield code="b">E.S. Brewster</subfield></datafield><datafield ind1=" " ind2=" " tag="300"><subfield code="a">v. ;</subfield><subfield code="c">42 cm.</subfield></datafield><datafield ind1=" " ind2=" " tag="310"><subfield code="a">Weekly</subfield></datafield><datafield ind1="1" ind2=" " tag="362"><subfield code="a">Began and ceased in 1827.</subfield></datafield><datafield ind1=" " ind2=" " tag="500"><subfield code="a">Editor: N. Haynes, &lt;May 10, 1827&gt;.</subfield></datafield><datafield ind1=" " ind2=" " tag="588"><subfield code="a">Description based on: Vol. 3, no. 152 (May 10, 1827) = New ser., v. 1, no. 12.</subfield></datafield><datafield ind1=" " ind2="0" tag="651"><subfield code="a">Bangor (Me.)</subfield><subfield code="v">Newspapers.</subfield></datafield><datafield ind1=" " ind2="7" tag="655"><subfield code="a">Newspapers.</subfield><subfield code="2">fast</subfield><subfield code="0">(OCoLC)fst01423814</subfield></datafield><datafield ind1=" " ind2="7" tag="651"><subfield code="a">Maine</subfield><subfield code="z">Bangor.</subfield><subfield code="2">fast</subfield><subfield code="0">(OCoLC)fst01207512</subfield></datafield><datafield ind1="1" ind2=" " tag="700"><subfield code="a">Brewster, Ezra S.</subfield></datafield><datafield ind1="1" ind2=" " tag="700"><subfield code="a">Haynes, Nathaniel.</subfield></datafield><datafield ind1=" " ind2=" " tag="752"><subfield code="a">United States</subfield><subfield code="b">Maine</subfield><subfield code="c">Penobscot</subfield><subfield code="d">Bangor.</subfield></datafield><datafield ind1="0" ind2="0" tag="780"><subfield code="t">Penobscot gazette</subfield><subfield code="w">(DLC)sn 83021304</subfield></datafield><datafield ind1="0" ind2="0" tag="785"><subfield code="t">Eastern Republican</subfield><subfield code="w">(DLC)sn 82015893</subfield></datafield></record>